@article{rfc1,
  title   = {Modelling and Simulation of Water Distribution Systems with Quantised State System Methods},
  journal = {Procedia Engineering},
  volume  = {119},
  pages   = {554-563},
  year    = {2015},
  note    = {Computing and Control for the Water Industry (CCWI2015) Sharing the best practice in water management},
  issn    = {1877-7058},
  doi     = {https://doi.org/10.1016/j.proeng.2015.08.908},
  url     = {https://www.sciencedirect.com/science/article/pii/S1877705815025783},
  author  = {Daniel Paluszczyszyn and Piotr Skworcow and Bogumil Ulanicki}
}

@inproceedings{rfc2,
  author  = {Folorunso, Taliha and Ismail, Fatimah Sham},
  year    = {2013},
  month   = {04},
  pages   = {12-17},
  title   = {Pump scheduling optimization model for water supply system using AWGA},
  isbn    = {978-1-4799-0209-5},
  journal = {IEEE Symposium on Computers and Informatics, ISCI 2013},
  doi     = {10.1109/ISCI.2013.6612367}
}

@article{rfc3,
  author  = {Rathi, Shweta and Gupta, Rajesh and Labhasetwar, Pawan and Nagarnaik, Pranav},
  year    = {2020},
  month   = {03},
  pages   = {},
  title   = {Challenges in calibration of water distribution network: a case study of Ramnagar Elevated Service Reservoir command area in Nagpur City, India},
  volume  = {20},
  journal = {Water Supply},
  doi     = {10.2166/ws.2020.047}
}


@misc{rfc4,
  author       = {L. A. Rossman},
  title        = {EPANET User’s Manual. Version 2.2},
  note         = {Risk Reduction Engineering Laboratory. Office of Research and Development. Environmental Protection Agency},
  howpublished = {EPA},
  year         = 2000
}


@misc{rfc5,
  author  = {Davis, Michael and Janke, Robert and Taxon, Thomas},
  year    = {2018},
  month   = {04},
  pages   = {25-47},
  title   = {Mass imbalances in EPANET water-quality simulations},
  volume  = {11},
  journal = {Drinking Water Engineering and Science},
  doi     = {10.5194/dwes-11-25-2018}
}

@misc{rfc6,
  author         = {Hervás, Marta and Martínez-Alzamora, Fernando and Conejos, Pilar and Alonso, Joan Carles},
  title          = {Advantages of the Event Method for the Simulation of Water Quality in Pressurised Water Systems},
  journal        = {Water},
  volume         = {16},
  year           = {2024},
  number         = {4},
  article-number = {599},
  url            = {https://www.mdpi.com/2073-4441/16/4/599},
  issn           = {2073-4441}
}

@misc{rfc7,
  author         = {Świętochowska, Martyna and Bartkowska, Izabela},
  title          = {Optimization of Energy Consumption in the Pumping Station Supplying Two Zones of the Water Supply System},
  journal        = {Energies},
  volume         = {15},
  year           = {2022},
  number         = {1},
  article-number = {310},
  url            = {https://www.mdpi.com/1996-1073/15/1/310},
  issn           = {1996-1073}
}

@misc{rfc8,
  author         = {Sarbu, Ioan},
  title          = {A Study of Energy Optimisation of Urban Water Distribution Systems Using Potential Elements},
  journal        = {Water},
  volume         = {8},
  year           = {2016},
  number         = {12},
  article-number = {593},
  url            = {https://www.mdpi.com/2073-4441/8/12/593},
  issn           = {2073-4441}
}

@misc{rfc9,
  author  = {Pu, Zhengheng and Chen, Minghai and Ji, Xuanting and Fu, Yanfu and Tian, Wenchong and Lei, Chen and Tao, Tao and 信昆仑, Kun-lun},
  year    = {2023},
  month   = {11},
  pages   = {},
  title   = {Intelligent real-time scheduling of water supply network based on deep learning},
  volume  = {72},
  journal = {AQUA - Water Infrastructure Ecosystems and Society},
  doi     = {10.2166/aqua.2023.134}
}


@misc{rfc10,
  title         = {Neural Fields with Hard Constraints of Arbitrary Differential Order},
  author        = {Fangcheng Zhong and Kyle Fogarty and Param Hanji and Tianhao Wu and Alejandro Sztrajman and Andrew Spielberg and Andrea Tagliasacchi and Petra Bosilj and Cengiz Oztireli},
  year          = {2023},
  eprint        = {2306.08943},
  archiveprefix = {arXiv},
  primaryclass  = {cs.LG},
  url           = {https://arxiv.org/abs/2306.08943}
}

@misc{rfc11,
  author  = {Zhao, Shuaikang and Li, Zhiwei and Wang, Feifei and Sun, Bin and Li, Liutao and Zhang, Haifeng},
  title   = {Pressure prediction of water supply network based on 1DCNN-GRU-multi-head attention},
  journal = {Water Supply},
  volume  = {24},
  number  = {8},
  pages   = {2688-2703},
  year    = {2024},
  url     = {https://doi.org/10.2166/ws.2024.169}
}

@misc{rfc12,
  author    = {Qian, Kai and Jiang, Jie and Ding, Yulong and Yang, Shuanghua},
  booktitle = {2020 IEEE International Conference on Networking, Sensing and Control (ICNSC)},
  title     = {Deep Learning Based Anomaly Detection in Water Distribution Systems},
  year      = {2020},
  volume    = {},
  number    = {},
  pages     = {1-6},
  keywords  = {Deep learning;Training data;Data models;Task analysis;Anomaly detection;Monitoring;Water resources;water quality;anomaly detection;sensor network;deep learning;sequence-to-point learning},
  doi       = {10.1109/ICNSC48988.2020.9238099}
}


@misc{rfc13,
  author  = {Yu, Huimin and Lin, Sen and Zhou, Hua and Weng, Xiaodan and Chu, Shipeng and Yu, Tingchao},
  title   = {Leak detection in water distribution networks based on deep learning and kriging interpolation method},
  journal = {AQUA - Water Infrastructure, Ecosystems and Society},
  volume  = {73},
  number  = {8},
  pages   = {1741-1753},
  year    = {2024},
  url     = {https://doi.org/10.2166/aqua.2024.184}
}

@article{rfc14,
  title         = {DC3: A learning method for optimization with hard constraints},
  author        = {Priya L. Donti and David Rolnick and J. Zico Kolter},
  year          = {2021},
  eprint        = {2104.12225},
  archiveprefix = {arXiv},
  primaryclass  = {cs.LG},
  url           = {https://arxiv.org/abs/2104.12225}
}

@misc{rfc15,
  title         = {Learning for Constrained Optimization: Identifying Optimal Active Constraint Sets},
  author        = {Sidhant Misra and Line Roald and Yeesian Ng},
  year          = {2019},
  eprint        = {1802.09639},
  archiveprefix = {arXiv},
  primaryclass  = {math.OC},
  url           = {https://arxiv.org/abs/1802.09639}
}

@misc{rfc16,
  title         = {Hard-Constrained Neural Networks with Universal Approximation Guarantees},
  author        = {Youngjae Min and Anoopkumar Sonar and Navid Azizan},
  year          = {2024},
  eprint        = {2410.10807},
  archiveprefix = {arXiv},
  primaryclass  = {cs.LG},
  url           = {https://arxiv.org/abs/2410.10807}
}
@article{rfc17,
  author  = {Singh, Manish K. and Kekatos, Vassilis},
  journal = {IEEE Transactions on Control of Network Systems},
  title   = {Optimal Scheduling of Water Distribution Systems},
  year    = {2020},
  volume  = {7},
  number  = {2},
  pages   = {711-723},
  doi     = {10.1109/TCNS.2019.2939651}
}

@misc{rfc18,
  author    = {Jorge Nocedal and Stephen J Wright},
  title     = {Numerical Optimization},
  year      = {1999},
  publisher = {Springer}
}


@article{rfc19,
  doi       = {10.1088/1742-6596/1378/2/022068},
  url       = {https://dx.doi.org/10.1088/1742-6596/1378/2/022068},
  year      = {2019},
  publisher = {IOP Publishing},
  volume    = {1378},
  number    = {2},
  pages     = {022068},
  author    = {Awe, O.M. and Okolie, S.T.A. and Fayomi, O.S.I.},
  title     = {Optimization of Water Distribution Systems: A Review},
  journal   = {Journal of Physics: Conference Series}
}


@article{rfc20,
  title   = {Cost efficiency in water supply systems: An applied review on optimization models for the pump scheduling problem},
  journal = {European Journal of Operational Research},
  volume  = {323},
  number  = {1},
  pages   = {1-19},
  year    = {2025},
  issn    = {0377-2217},
  doi     = {https://doi.org/10.1016/j.ejor.2024.07.039},
  url     = {https://www.sciencedirect.com/science/article/pii/S037722172400599X},
  author  = {Marlene Brás and Ana Moura and António Andrade-Campos}
}